<record><leader>00000cas a2200000 a 4500</leader><controlfield tag="001">26273202</controlfield><controlfield tag="008">920728c19909999iluir ne      0   a0eng c</controlfield><datafield ind1=" " ind2=" " tag="010"><subfield code="a">sn 92053289 </subfield></datafield><datafield ind1=" " ind2=" " tag="040"><subfield code="a">NVF</subfield><subfield code="b">eng</subfield><subfield code="c">NVF</subfield><subfield code="d">CVF</subfield><subfield code="d">NVF</subfield><subfield code="d">OCLCQ</subfield><subfield code="d">OCLCF</subfield><subfield code="d">OCLCO</subfield><subfield code="d">NVF</subfield><subfield code="d">OCLCO</subfield><subfield code="d">OCL</subfield></datafield><datafield ind1=" " ind2=" " tag="042"><subfield code="a">pcc</subfield></datafield><datafield ind1=" " ind2=" " tag="043"><subfield code="a">n-us-il</subfield></datafield><datafield ind1="0" ind2="0" tag="245"><subfield code="a">Spring Valley's Bureau County Republican.</subfield></datafield><datafield ind1=" " ind2=" " tag="260"><subfield code="a">Princeton, Ill. :</subfield><subfield code="b">Bureau County Republican,</subfield><subfield code="c">1990-</subfield></datafield><datafield ind1=" " ind2=" " tag="300"><subfield code="a">volumes</subfield></datafield><datafield ind1=" " ind2=" " tag="310"><subfield code="a">Triweekly</subfield></datafield><datafield ind1="0" ind2=" " tag="362"><subfield code="a">143rd year, no. 46 (Apr. 17, 1990)-</subfield></datafield><datafield ind1=" " ind2="0" tag="651"><subfield code="a">Spring Valley (Bureau County, Ill.)</subfield><subfield code="v">Newspapers.</subfield></datafield><datafield ind1=" " ind2="0" tag="651"><subfield code="a">Princeton (Ill.)</subfield><subfield code="v">Newspapers.</subfield></datafield><datafield ind1=" " ind2="0" tag="651"><subfield code="a">Bureau County (Ill.)</subfield><subfield code="v">Newspapers.</subfield></datafield><datafield ind1=" " ind2="7" tag="651"><subfield code="a">Illinois</subfield><subfield code="z">Bureau County.</subfield><subfield code="2">fast</subfield><subfield code="0">(OCoLC)fst01214970</subfield></datafield><datafield ind1=" " ind2="7" tag="651"><subfield code="a">Illinois</subfield><subfield code="z">Princeton.</subfield><subfield code="2">fast</subfield><subfield code="0">(OCoLC)fst01217877</subfield></datafield><datafield ind1=" " ind2="7" tag="651"><subfield code="a">Illinois</subfield><subfield code="z">Spring Valley (Bureau County)</subfield><subfield code="2">fast</subfield><subfield code="0">(OCoLC)fst01219162</subfield></datafield><datafield ind1=" " ind2="7" tag="655"><subfield code="a">Newspapers.</subfield><subfield code="2">fast</subfield><subfield code="0">(OCoLC)fst01423814</subfield></datafield><datafield ind1=" " ind2=" " tag="752"><subfield code="a">United States</subfield><subfield code="b">Illinois</subfield><subfield code="c">Bureau County</subfield><subfield code="d">Spring Valley.</subfield></datafield><datafield ind1="0" ind2=" " tag="775"><subfield code="t">Bureau County Republican (Princeton, Ill.)</subfield><subfield code="w">(DLC)sn 82016050</subfield><subfield code="w">(OCoLC)9140664</subfield></datafield><datafield ind1="0" ind2="0" tag="780"><subfield code="t">Bureau County Republican (Princeton, Ill. : Spring Valley ed.)</subfield><subfield code="w">(DLC)sn 92053288</subfield><subfield code="w">(OCoLC)26272840</subfield></datafield><datafield ind1="1" ind2=" " tag="029"><subfield code="a">AU@</subfield><subfield code="b">000020743297</subfield></datafield></record>